%% Obtained via the getNewBibTeX script and the SPIRES biblio service

% Generic stuff
@misc{White_Paper,
      author         = "Abazajian, K. N. and others",
      title          = "{Light Sterile Neutrinos: A White Paper}",
      year           = "2012",
      eprint         = "1204.5379",
      archivePrefix  = "arXiv",
      primaryClass   = "hep-ph",
      reportNumber   = "FERMILAB-PUB-12-881-PPD",
      SLACcitation   = "%%CITATION = ARXIV:1204.5379;%%",
      howpublished   = {\href{https://arxiv.org/pdf/1204.5379.pdf}{arXiv:1204.5379}}
}


@misc{SBN_Proposal,
      author         = "Antonello, M. and others",
      title          = "{A Proposal for a Three Detector Short-Baseline Neutrino
                        Oscillation Program in the Fermilab Booster Neutrino
                        Beam}",
      collaboration  = "LAr1-ND, ICARUS-WA104, MicroBooNE",
      year           = "2015",
      eprint         = "1503.01520",
      archivePrefix  = "arXiv",
      primaryClass   = "physics.ins-det",
      SLACcitation   = "%%CITATION = ARXIV:1503.01520;%%",
      howpublished = {\href{https://arxiv.org/abs/1503.01520}{arXiv:1503.01520}},
}

@article{SBN_paper,
   title="{The Short-Baseline Neutrino Program at Fermilab}",
   volume={69},
   ISSN={1545-4134},
   url={http://dx.doi.org/10.1146/annurev-nucl-101917-020949},
   DOI={10.1146/annurev-nucl-101917-020949},
   number={1},
   journal={Annual Review of Nuclear and Particle Science},
   publisher={Annual Reviews},
   author={Machado, Pedro A.N. and Palamara, Ornella and Schmitz, David W.},
   year={2019},
   month={Oct},
   pages={363–387} }


@article{PDG_2020,
    author = "Zyla, P.A. and others",
    collaboration = "Particle Data Group",
    title = "{Review of Particle Physics}",
    doi = "10.1093/ptep/ptaa104",
    journal = "PTEP",
    volume = "2020",
    number = "8",
    pages = "083C01",
    year = "2020"
}
@book{Fundamentals_of_Neutrino_Physics_and_Astrophysics,
    author = "Giunti, Carlo and Chung W. Kim",
    title = "{Fundamentals of Neutrino Physics and Astrophysics.}",
    publisher = "Oxford: Oxford University Press",
    year = "2007",  
    doi = "10.1093/acprof:oso/9780198508717.001.0001"
} 

@BOOK{MartinandShaw,
    author = {{Martin}, B.~R. and {Shaw}, G.},
    title = "{Particle Physics, Third Edition}",
    year = 2008,
    publisher = "John Wiley and Sons, Ltd, Publication"
}

@book{The_physics_of_neutrinos_book,
  title="{The Physics of Neutrinos}",
  author={Barger, V. and Marfatia, D. and Whisnant, K.},
  isbn={9781400845590},
  url={https://books.google.co.uk/books?id=879tdkeTXAcC},
  year={2012},
  publisher={Princeton University Press}
}

@book{Quarks_and_Leptons:_An_Introductor_Course_in_Modern_Particle_Physics_book,
  title="{Quarks and Leptons: An Introductory Course in Modern Particle Physics}",
  author={Halzen, F. and Martin, A.D.},
  year={1984},
  publisher={John Wiley, New York}
}


% chap2 - neutrino theory
@misc{Pauli_letter,
      author        = "Pauli, Wolfgang",
      title         = "{Pauli letter collection: letter to Lise Meitner}",
      howpublished  = {\href{https://cds.cern.ch/record/83282}{https://cds.cern.ch/record/83282}},
      note          = "Typed copy, [Accessed September 2021]",
}

@ARTICLE{cowan_and_reines_paper,
   author = {{Cowan}, Jr., C.~L. and {Reines}, F. and {Harrison}, F.~B. and 
	{Kruse}, H.~W. and {McGuire}, A.~D.},
    title = "{Detection of the Free Neutrino: A Confirmation}",
  journal = {Science},
     year = 1956,
    month = jul,
   volume = 124,
    pages = {103-104},
      doi = {10.1126/science.124.3212.103},
   adsurl = {https://ui.adsabs.harvard.edu/abs/1956Sci...124..103C},
  adsnote = {Provided by the SAO/NASA Astrophysics Data System}
}

@ARTICLE{Muon_neutrino_discovery,
   author = {{Danby}, G. and {Gaillard}, J.-M. and {Goulianos}, K. and {Lederman}, L.~M. and 
	{Mistry}, N. and {Schwartz}, M. and {Steinberger}, J.},
    title = "{Observation of High-Energy Neutrino Reactions and the Existence of Two Kinds of Neutrinos}",
  journal = {Physical Review Letters},
     year = 1962,
    month = jul,
   volume = 9,
    pages = {36-44},
      doi = {10.1103/PhysRevLett.9.36},
   adsurl = {https://ui.adsabs.harvard.edu/abs/1962PhRvL...9...36D},
  adsnote = {Provided by the SAO/NASA Astrophysics Data System}
}

@article{DONUT,
      author         = "Kodama, K. and others",
      title          = "{Observation of tau neutrino interactions}",
      collaboration  = "DONUT",
      journal        = "Phys. Lett.",
      volume         = "B504",
      year           = "2001",
      pages          = "218-224",
      doi            = "10.1016/S0370-2693(01)00307-0",
      eprint         = "hep-ex/0012035",
      archivePrefix  = "arXiv",
      primaryClass   = "hep-ex",
      reportNumber   = "FERMILAB-PUB-00-335-E",
      SLACcitation   = "%%CITATION = HEP-EX/0012035;%%"
}

@article{Homestake,
      author         = "Lande, K. and Cleveland, B. T. and Daily, T. and Davis,
                        R. and Distel, J. and Lee, C. K. and Weinberger, A. and
                        Wildenhain, P. and Ullman, J.",
      title          = "{Results from the Homestake solar neutrino observatory}",
      booktitle      = "{High-energy physics. Proceedings, 25th International
                        Conference, Singapore, August 2-8, 1990. Vol. I+II}",
      journal        = "Conf. Proc.",
      volume         = "C900802",
      year           = "1990",
      pages          = "867-675",
      note           = "[Conf. Proc.C900802V1,C900802V1:667(1990)]",
      SLACcitation   = "%%CITATION = CONFP,C900802,867;%%"
}

@article{SuperK_neutrino_oscillations,
   title="{Evidence for Oscillation of Atmospheric Neutrinos}",
   volume={81},
   ISSN={1079-7114},
   url={http://dx.doi.org/10.1103/PhysRevLett.81.1562},
   doi={10.1103/physrevlett.81.1562},
   number={8},
   journal={Physical Review Letters},
   publisher={American Physical Society (APS)},
   author={Fukuda, Y. and Hayakawa, T. and Ichihara, E. and Inoue, K. and Ishihara, K. and Ishino, H. and Itow, Y. and Kajita, T. and Kameda, J. and Kasuga, S. and et al.},
   year={1998},
   month={Aug},
   pages={1562–1567}
}

@article{SNO_solar_neutrinos,
  title = "{Measurement of the Rate of ${\ensuremath{\nu}}_{e}+\mathit{d}\ensuremath{\rightarrow}\mathit{p}+\mathit{p}+{\mathit{e}}^{\ensuremath{-}}$ Interactions Produced by $^{8}B$ Solar Neutrinos at the Sudbury Neutrino Observatory}",
  author = {Ahmad, Q. R. and others},
  collaboration = {SNO Collaboration},
  journal = {Phys. Rev. Lett.},
  volume = {87},
  issue = {7},
  pages = {071301},
  numpages = {6},
  year = {2001},
  month = {Jul},
  publisher = {American Physical Society},
  doi = {10.1103/PhysRevLett.87.071301},
  url = {https://link.aps.org/doi/10.1103/PhysRevLett.87.071301}
}

@article{tau_lepton_discovery,
  title = "{Evidence for Anomalous Lepton Production in ${e}^{+}\ensuremath{-}{e}^{\ensuremath{-}}$ Annihilation}",
  author = {Perl, M. L. and Abrams, G. S. and Boyarski, A. M. and Breidenbach, M. and Briggs, D. D. and Bulos, F. and Chinowsky, W. and Dakin, J. T. and Feldman, G. J. and Friedberg, C. E. and Fryberger, D. and Goldhaber, G. and Hanson, G. and Heile, F. B. and Jean-Marie, B. and Kadyk, J. A. and Larsen, R. R. and Litke, A. M. and L\"uke, D. and Lulu, B. A. and L\"uth, V. and Lyon, D. and Morehouse, C. C. and Paterson, J. M. and Pierre, F. M. and Pun, T. P. and Rapidis, P. A. and Richter, B. and Sadoulet, B. and Schwitters, R. F. and Tanenbaum, W. and Trilling, G. H. and Vannucci, F. and Whitaker, J. S. and Winkelmann, F. C. and Wiss, J. E.},
  journal = {Phys. Rev. Lett.},
  volume = {35},
  issue = {22},
  pages = {1489--1492},
  numpages = {0},
  year = {1975},
  month = {Dec},
  publisher = {American Physical Society},
  doi = {10.1103/PhysRevLett.35.1489},
  url = {https://link.aps.org/doi/10.1103/PhysRevLett.35.1489}
}

@article{Zboson_number_of_neutrinos,
      author        = "Blondel, Alain",
      title         = "{The Number of Neutrinos and the Z Line Shape}",
      year          = "2016",
      url           = "https://cds.cern.ch/record/2217139",
      doi           = "$10.1142/9789814733519\_0008$",
}

@article{LSND_excess,
  title = "{Evidence for neutrino oscillations from the observation of ${\overline{\ensuremath{\nu}}}_{e}$ appearance in a ${\overline{\ensuremath{\nu}}}_{\ensuremath{\mu}}$ beam}",
  author = {Aguilar, A. and Auerbach, L. B. and Burman, R. L. and Caldwell, D. O. and Church, E. D. and Cochran, A. K. and Donahue, J. B. and Fazely, A. and Garvey, G. T. and Gunasingha, R. M. and Imlay, R. and Louis, W. C. and Majkic, R. and Malik, A. and Metcalf, W. and Mills, G. B. and Sandberg, V. and Smith, D. and Stancu, I. and Sung, M. and Tayloe, R. and VanDalen, G. J. and Vernon, W. and Wadia, N. and White, D. H. and Yellin, S.},
  collaboration = {LSND Collaboration},
  journal = {Phys. Rev. D},
  volume = {64},
  issue = {11},
  pages = {112007},
  numpages = {22},
  year = {2001},
  month = {Nov},
  publisher = {American Physical Society},
  doi = {10.1103/PhysRevD.64.112007},
  url = {https://link.aps.org/doi/10.1103/PhysRevD.64.112007}
}

@article{MiniBooNE_excess,
  title = "{Significant Excess of Electron like Events in the MiniBooNE Short-Baseline Neutrino Experiment}",
  author = {Aguilar-Arevalo, A. A. and Brown, B. C. and Bugel, L. and Cheng, G. and Conrad, J. M. and Cooper, R. L. and Dharmapalan, R. and Diaz, A. and Djurcic, Z. and Finley, D. A. and Ford, R. and Garcia, F. G. and Garvey, G. T. and Grange, J. and Huang, E.-C. and Huelsnitz, W. and Ignarra, C. and Johnson, R. A. and Karagiorgi, G. and Katori, T. and Kobilarcik, T. and Louis, W. C. and Mariani, C. and Marsh, W. and Mills, G. B. and Mirabal, J. and Monroe, J. and Moore, C. D. and Mousseau, J. and Nienaber, P. and Nowak, J. and Osmanov, B. and Pavlovic, Z. and Perevalov, D. and Ray, H. and Roe, B. P. and Russell, A. D. and Shaevitz, M. H. and Spitz, J. and Stancu, I. and Tayloe, R. and Thornton, R. T. and Tzanov, M. and Van de Water, R. G. and White, D. H. and Wickremasinghe, D. A. and Zimmerman, E. D.},
  collaboration = {MiniBooNE Collaboration},
  journal = {Phys. Rev. Lett.},
  volume = {121},
  issue = {22},
  pages = {221801},
  numpages = {7},
  year = {2018},
  month = {Nov},
  publisher = {American Physical Society},
  doi = {10.1103/PhysRevLett.121.221801},
  url = {https://link.aps.org/doi/10.1103/PhysRevLett.121.221801}
}

@article{GALLEX,
    author = "Hampel, W. and others",
    collaboration = "GALLEX",
    title = "{Final results of the Cr-51 neutrino source experiments in GALLEX}",
    reportNumber = "DAPNIA-SPP-97-26, MPI-H-V41-1997, BNL-64864, ROM2F-97-45, TUM-SFB-375-221",
    doi = "10.1016/S0370-2693(97)01562-1",
    journal = "Phys. Lett. B",
    volume = "420",
    pages = "114--126",
    year = "1998"
}

@article{Gallex_reanalysis,
title = "{Reanalysis of the Gallex solar neutrino flux and source experiments}",
journal = {Physics Letters B},
volume = {685},
number = {1},
pages = {47-54},
year = {2010},
issn = {0370-2693},
doi = {https://doi.org/10.1016/j.physletb.2010.01.030},
url = {https://www.sciencedirect.com/science/article/pii/S0370269310000729},
author = {F. Kaether and W. Hampel and G. Heusser and J. Kiko and T. Kirsten},
keywords = {Solar neutrinos, Gallium experiment, , Neutrino mass},
abstract = {After the completion of the gallium solar neutrino experiments at the Laboratori Nazionali del Gran Sasso (Gallex: 1991–1997; GNO: 1998–2003) we have retrospectively updated the Gallex results with the help of new technical data that were impossible to acquire for principle reasons before the completion of the low rate measurement phase (that is, before the end of the GNO solar runs). Subsequent high rate experiments have allowed the calibration of absolute internal counter efficiencies and of an advanced pulse shape analysis for counter background discrimination. The updated overall result for Gallex (only) is 73.4−7.3+7.1 SNU. This is 5.3% below the old value of 77.5−7.8+7.5 SNU (Gallex Collaboration, W. Hampel et al., 1999 [1]), with a substantially reduced error. A similar reduction is obtained from the reanalysis of the 51Cr neutrino source experiments of 1994/1995.}
}

@article{SAGE,
  title = "{Measurement of the response of a Ga solar neutrino experiment to neutrinos from a $^{37}\mathrm{Ar}$ source}",
  author = {Abdurashitov, J. N. and Gavrin, V. N. and Girin, S. V. and Gorbachev, V. V. and Gurkina, P. P. and Ibragimova, T. V. and Kalikhov, A. V. and Khairnasov, N. G. and Knodel, T. V. and Matveev, V. A. and Mirmov, I. N. and Shikhin, A. A. and Veretenkin, E. P. and Vermul, V. M. and Yants, V. E. and Zatsepin, G. T. and Bowles, T. J. and Elliott, S. R. and Teasdale, W. A. and Cleveland, B. T. and Haxton, W. C. and Wilkerson, J. F. and Nico, J. S. and Suzuki, A. and Lande, K. and Khomyakov, Yu. S. and Poplavsky, V. M. and Popov, V. V. and Mishin, O. V. and Petrov, A. N. and Vasiliev, B. A. and Voronov, S. A. and Karpenko, A. I. and Maltsev, V. V. and Oshkanov, N. N. and Tuchkov, A. M. and Barsanov, V. I. and Janelidze, A. A. and Korenkova, A. V. and Kotelnikov, N. A. and Markov, S. Yu. and Selin, V. V. and Shakirov, Z. N. and Zamyatina, A. A. and Zlokazov, S. B.},
  journal = {Phys. Rev. C},
  volume = {73},
  issue = {4},
  pages = {045805},
  numpages = {12},
  year = {2006},
  month = {Apr},
  publisher = {American Physical Society},
  doi = {10.1103/PhysRevC.73.045805},
  url = {https://link.aps.org/doi/10.1103/PhysRevC.73.045805}
}

@article{gallium_anomaly,
title = "{The gallium anomaly revisited}",
journal = {Physics Letters B},
volume = {795},
pages = {542-547},
year = {2019},
issn = {0370-2693},
doi = {https://doi.org/10.1016/j.physletb.2019.06.057},
url = {https://www.sciencedirect.com/science/article/pii/S037026931930440X},
author = {J. Kostensalo and J. Suhonen and C. Giunti and P.C. Srivastava},
keywords = {Gallium anomaly, Charged-current cross-sections, Nuclear shell model, Neutrino-nucleus interactions},
abstract = {The gallium anomaly, i.e. the missing electron-neutrino flux from 37Ar and 51Cr electron-capture decays as measured by the GALLEX and SAGE solar-neutrino detectors, has been among us already for about two decades. We present here a new estimate of the significance of this anomaly based on cross-section calculations using nuclear shell-model wave functions obtained by exploiting recently developed two-nucleon interactions. The gallium anomaly of the GALLEX and SAGE experiments is found to be smaller than that obtained in previous evaluations, decreasing the significance from 3.0σ to 2.3σ. This result is compatible with the recent indication in favor of short-baseline ν¯e disappearance due to small active-sterile neutrino mixing obtained from the combined analysis of the data of the NEOS and DANSS reactor experiments.}
}

@article{Reactor_anomaly,
   title={Reactor antineutrino anomaly},
   volume={83},
   ISSN={1550-2368},
   url={http://dx.doi.org/10.1103/PhysRevD.83.073006},
   DOI={10.1103/physrevd.83.073006},
   number={7},
   journal={Physical Review D},
   publisher={American Physical Society (APS)},
   author={Mention, G. and Fechner, M. and Lasserre, Th. and Mueller, Th. A. and Lhuillier, D. and Cribier, M. and Letourneau, A.},
   year={2011},
   month={Apr}
}

@incollection{Majorana2020,
author="Majorana, Ettore",
editor="Cifarelli, Luisa",
title="{A Symmetric Theory of Electrons and Positrons}",
bookTitle="Scientific Papers of Ettore Majorana: A New Expanded Edition",
year="2020",
publisher="Springer International Publishing",
address="Cham",
pages="113--128",
abstract="It is shown that it is possible to achieve complete formal symmetrization in the electron and proton quantum theory by means of a new quantization process. The meaning of Dirac equations is somewhat modified and there is no longer any reason to speak of negative-energy states nor to assume, for any other types of particles, especially neutral ones, the existence of antiparticles, corresponding to the ``holes'' of negative energy.",
isbn="978-3-030-23509-3",
doi={10.1007/978-3-030-23509-3_11},
url="https://doi.org/10.1007/978-3-030-23509-3_11"
}

@article{Double_beta_decay,
  title = "{On Transition Probabilities in Double Beta-Disintegration}",
  author = {Furry, W. H.},
  journal = {Phys. Rev.},
  volume = {56},
  issue = {12},
  pages = {1184--1193},
  numpages = {0},
  year = {1939},
  month = {Dec},
  publisher = {American Physical Society},
  doi = {10.1103/PhysRev.56.1184},
  url = {https://link.aps.org/doi/10.1103/PhysRev.56.1184}
}

@article{Pontecorvo,
    author = "Pontecorvo, B.",
    title = "{Neutrino Experiments and the Problem of Conservation of Leptonic Charge}",
    journal = "Zh. Eksp. Teor. Fiz.",
    volume = "53",
    pages = "1717--1725",
    year = "1967"
}

@article{MNS_oscillations,
    author = {Maki, Ziro and Nakagawa, Masami and Sakata, Shoichi},
    title = "{Remarks on the Unified Model of Elementary Particles}",
    journal = {Progress of Theoretical Physics},
    volume = {28},
    number = {5},
    pages = {870-880},
    year = {1962},
    month = {11},
    abstract = "{A particle mixture theory of neutrino is proposed assuming the existence of two kinds of neutrinos. Based on the neutrino-mixture theory, a possible unified model of elementary particles is constructed by generalizing the Sakata-Nagoya model. Our scheme gives a natural explanation of smallness of leptonic decay rate of hyperons as well as the subtle difference of Gν's between µ-e and β-decay.Starting with this scheme, the possibility of Ke3 mode with ΔS/ΔQ = −1 is also examined, and some bearings on the dynamical role of the B-matter, a fundamental constituent of baryons in the Nagoya model, are clarified.}",
    issn = {0033-068X},
    doi = {10.1143/PTP.28.870},
    url = {https://doi.org/10.1143/PTP.28.870},
    eprint = {https://academic.oup.com/ptp/article-pdf/28/5/870/5258750/28-5-870.pdf},
}

@article{Atmospheric_anomaly,
    author = "Learned, John G.",
    editor = "Caldwell, David O.",
    collaboration = "Super-Kamiokande",
    title = "{The Atmospheric neutrino anomaly: Muon neutrino disappearance}",
    eprint = "hep-ex/0007056",
    archivePrefix = "arXiv",
    pages = "89--130",
    month = "7",
    year = "2000"
}

@inproceedings{KARMEN,
    author = "Eitel, Klaus",
    collaboration = "KARMEN",
    title = "{KARMEN: Present neutrino oscillation limits and perspectives after the upgrade}",
    booktitle = "{32nd Rencontres de Moriond: Electroweak Interactions and Unified Theories}",
    eprint = "hep-ex/9706023",
    archivePrefix = "arXiv",
    pages = "267--274",
    year = "1997"
}

@article{MINOS,
  title = "{Search for Sterile Neutrinos Mixing with Muon Neutrinos in MINOS}",
  author = {Adamson, P. and Anghel, I. and Aurisano, A. and Barr, G. and Bishai, M. and Blake, A. and Bock, G. J. and Bogert, D. and Cao, S. V. and Carroll, T. J. and Castromonte, C. M. and Chen, R. and Childress, S. and Coelho, J. A. B. and Corwin, L. and Cronin-Hennessy, D. and de Jong, J. K. and De Rijck, S. and Devan, A. V. and Devenish, N. E. and Diwan, M. V. and Escobar, C. O. and Evans, J. J. and Falk, E. and Feldman, G. J. and Flanagan, W. and Frohne, M. V. and Gabrielyan, M. and Gallagher, H. R. and Germani, S. and Gomes, R. A. and Goodman, M. C. and Gouffon, P. and Graf, N. and Gran, R. and Grzelak, K. and Habig, A. and Hahn, S. R. and Hartnell, J. and Hatcher, R. and Holin, A. and Huang, J. and Hylen, J. and Irwin, G. M. and Isvan, Z. and James, C. and Jensen, D. and Kafka, T. and Kasahara, S. M. S. and Koizumi, G. and Kordosky, M. and Kreymer, A. and Lang, K. and Ling, J. and Litchfield, P. J. and Lucas, P. and Mann, W. A. and Marshak, M. L. and Mayer, N. and McGivern, C. and Medeiros, M. M. and Mehdiyev, R. and Meier, J. R. and Messier, M. D. and Miller, W. H. and Mishra, S. R. and Moed Sher, S. and Moore, C. D. and Mualem, L. and Musser, J. and Naples, D. and Nelson, J. K. and Newman, H. B. and Nichol, R. J. and Nowak, J. A. and O'Connor, J. and Orchanian, M. and Pahlka, R. B. and Paley, J. and Patterson, R. B. and Pawloski, G. and Perch, A. and Pf\"utzner, M. M. and Phan, D. D. and Phan-Budd, S. and Plunkett, R. K. and Poonthottathil, N. and Qiu, X. and Radovic, A. and Rebel, B. and Rosenfeld, C. and Rubin, H. A. and Sail, P. and Sanchez, M. C. and Schneps, J. and Schreckenberger, A. and Schreiner, P. and Sharma, R. and Sousa, A. and Tagg, N. and Talaga, R. L. and Thomas, J. and Thomson, M. A. and Tian, X. and Timmons, A. and Todd, J. and Tognini, S. C. and Toner, R. and Torretta, D. and Tzanakos, G. and Urheim, J. and Vahle, P. and Viren, B. and Weber, A. and Webb, R. C. and White, C. and Whitehead, L. and Whitehead, L. H. and Wojcicki, S. G. and Zwaska, R.},
  collaboration = {MINOS Collaboration},
  journal = {Phys. Rev. Lett.},
  volume = {117},
  issue = {15},
  pages = {151803},
  numpages = {7},
  year = {2016},
  month = {Oct},
  publisher = {American Physical Society},
  doi = {10.1103/PhysRevLett.117.151803},
  url = {https://link.aps.org/doi/10.1103/PhysRevLett.117.151803}
}

@article{Goldhaber_experiment,
  title = "{Helicity of Neutrinos}",
  author = {Goldhaber, M. and Grodzins, L. and Sunyar, A. W.},
  journal = {Phys. Rev.},
  volume = {109},
  issue = {3},
  pages = {1015--1017},
  numpages = {0},
  year = {1958},
  month = {Feb},
  publisher = {American Physical Society},
  doi = {10.1103/PhysRev.109.1015},
  url = {https://link.aps.org/doi/10.1103/PhysRev.109.1015}
}

@ARTICLE{Wu_experiment,
       author = {{Wu}, C.~S. and {Ambler}, E. and {Hayward}, R.~W. and {Hoppes}, D.~D. and {Hudson}, R.~P.},
        title = "{Experimental Test of Parity Conservation in Beta Decay}",
      journal = {Physical Review},
         year = 1957,
        month = feb,
       volume = {105},
       number = {4},
        pages = {1413-1415},
          doi = {10.1103/PhysRev.105.1413},
       adsurl = {https://ui.adsabs.harvard.edu/abs/1957PhRv..105.1413W},
      adsnote = {Provided by the SAO/NASA Astrophysics Data System}
}

@article{Cronin_and_Fitch_experiment,
  title = "{Evidence for the $2\ensuremath{\pi}$ Decay of the $K_{2}^{0}$ Meson}",
  author = {Christenson, J. H. and Cronin, J. W. and Fitch, V. L. and Turlay, R.},
  journal = {Phys. Rev. Lett.},
  volume = {13},
  issue = {4},
  pages = {138--140},
  numpages = {0},
  year = {1964},
  month = {Jul},
  publisher = {American Physical Society},
  doi = {10.1103/PhysRevLett.13.138},
  url = {https://link.aps.org/doi/10.1103/PhysRevLett.13.138}
}

@article{LEP,
    author = "Decamp, D. and others",
    collaboration = "ALEPH",
    title = "{Determination of the Number of Light Neutrino Species}",
    reportNumber = "CERN EP 89-132",
    doi = "10.1016/0370-2693(89)90704-1",
    journal = "Phys. Lett. B",
    volume = "231",
    pages = "519--529",
    year = "1989"
}


@article{Sakharov_conditions,
	doi = {10.1070/pu1991v034n05abeh002497},
	url = {https://doi.org/10.1070/pu1991v034n05abeh002497},
	year = 1991,
	month = {may},
	publisher = {{IOP} Publishing},
	volume = {34},
	number = {5},
	pages = {392--393},
	author = {Andrei D Sakharov},
	title = "{Violation of \textit{CP} invariance, \textit{C} asymmetry, and baryon asymmetry of the universe}",
	journal = {Soviet Physics Uspekhi},
	abstract = {}
}

@article{mass_hierarchy,
   title={Neutrino mass hierarchy},
   volume={83},
   ISSN={0146-6410},
   url={http://dx.doi.org/10.1016/j.ppnp.2015.05.002},
   DOI={10.1016/j.ppnp.2015.05.002},
   journal={Progress in Particle and Nuclear Physics},
   publisher={Elsevier BV},
   author={Qian, X. and Vogel, P.},
   year={2015},
   month={Jul},
   pages={1–30}
}

@article{Where_are_we_with_light_sterile_neutrinos,
	doi = {10.1016/j.physrep.2020.08.005},
  
	url = {https://doi.org/10.1016%2Fj.physrep.2020.08.005},
  
	year = 2020,
	month = {nov},
  
	publisher = {Elsevier {BV}
},
  
	volume = {884},
  
	pages = {1--59},
  
	author = {A. Diaz and C.A. Argüelles and G.H. Collin and J.M. Conrad and M.H. Shaevitz},
  
	title = "{Where are we with light sterile neutrinos?}",
  
	journal = {Physics Reports}
}

@misc{mass_hierarchy_image,
  doi = {10.48550/ARXIV.1307.5487},
  url = {https://arxiv.org/abs/1307.5487},
  author = {Cahn, R. N. and Dwyer, D. A. and Freedman, S. J. and Haxton, W. C. and Kadel, R. W. and Kolomensky, Yu. G. and Luk, K. B. and McDonald, P. and Gann, G. D. Orebi and Poon, A. W. P.},
  keywords = {High Energy Physics - Experiment (hep-ex), High Energy Physics - Phenomenology (hep-ph), Nuclear Experiment (nucl-ex), FOS: Physical sciences, FOS: Physical sciences},
  title = "{White Paper: Measuring the Neutrino Mass Hierarchy}",
  publisher = {arXiv},
  year = {2013},
  copyright = {arXiv.org perpetual, non-exclusive license}
}



%%%%%%%%%%%%%%%%%
% SBN Programme %
%%%%%%%%%%%%%%%%%
@article{Design_and_Construction_of_the_MicroBooNE_Detector,
author = {Acciarri, R. and Adams, C. and An, R. and Aparicio, A. and Aponte, S. and Asaadi, Jonathan and Auger, M. and Ayoub, N. and Bagby, L. and Baller, B. and Barger, R. and Barr, G. and Bass, M. and Bay, F. and Biery, K. and Bishai, M. and Blake, A. and Bocean, V. and Boehnlein, D. and Zuckerbrot, M.},
year = {2016},
month = {12},
pages = {},
title = "{Design and Construction of the MicroBooNE Detector}",
volume = {12},
journal = {Journal of Instrumentation},
doi = {10.1088/1748-0221/12/02/P02017}
}

@article{BNB_flux,
  title = "{Neutrino flux prediction at MiniBooNE}",
  author = {Aguilar-Arevalo, A. A. and Anderson, C. E. and Bazarko, A. O. and Brice, S. J. and Brown, B. C. and Bugel, L. and Cao, J. and Coney, L. and Conrad, J. M. and Cox, D. C. and Curioni, A. and Djurcic, Z. and Finley, D. A. and Fleming, B. T. and Ford, R. and Garcia, F. G. and Garvey, G. T. and Green, C. and Green, J. A. and Hart, T. L. and Hawker, E. and Imlay, R. and Johnson, R. A. and Karagiorgi, G. and Kasper, P. and Katori, T. and Kobilarcik, T. and Kourbanis, I. and Koutsoliotas, S. and Laird, E. M. and Linden, S. K. and Link, J. M. and Liu, Y. and Liu, Y. and Louis, W. C. and Mahn, K. B. M. and Marsh, W. and Martin, P. S. and McGregor, G. and Metcalf, W. and Meyers, P. D. and Mills, F. and Mills, G. B. and Monroe, J. and Moore, C. D. and Nelson, R. H. and Nguyen, V. T. and Nienaber, P. and Nowak, J. A. and Ouedraogo, S. and Patterson, R. B. and Perevalov, D. and Polly, C. C. and Prebys, E. and Raaf, J. L. and Ray, H. and Roe, B. P. and Russell, A. D. and Sandberg, V. and Schirato, R. and Schmitz, D. and Shaevitz, M. H. and Shoemaker, F. C. and Smith, D. and Soderberg, M. and Sorel, M. and Spentzouris, P. and Stancu, I. and Stefanski, R. J. and Sung, M. and Tanaka, H. A. and Tayloe, R. and Tzanov, M. and Van de Water, R. and Wascko, M. O. and White, D. H. and Wilking, M. J. and Yang, H. J. and Zeller, G. P. and Zimmerman, E. D.},
  collaboration = {MiniBooNE Collaboration},
  journal = {Phys. Rev. D},
  volume = {79},
  issue = {7},
  pages = {072002},
  numpages = {38},
  year = {2009},
  month = {Apr},
  publisher = {American Physical Society},
  doi = {10.1103/PhysRevD.79.072002},
  url = {https://link.aps.org/doi/10.1103/PhysRevD.79.072002}
}

@article{BNB_flux_TN,
title = "{Booster Neutrino Flux Prediction at MicroBooNE}",
author = {},
collaboration = {MicroBooNE Collaboration},
abstractNote = {The primary source of neutrinos for the MicroBooNE experiment is Fermilab’s Booster Neutrino Beamline. The beamline uses 8 GeV protons from the Booster accelerator steered onto a beryllium target. The secondaries are focused by a magnetic horn down a 50m long decay pipe. Decays of these secondaries give rise to a neutrino beam. We use the beamline simulation and techniques previously developed by the MiniBooNE collaboration to calculate the neutrino flux and estimate systematic uncertainties at the MicroBooNE detector location.},
doi = {10.2172/1573216},
url = {https://www.osti.gov/biblio/1573216}, 
journal = {},
place = {United States},
year = {2018},
month = {7}
} 

@misc{GENIE_manual,
      title="{The GENIE Neutrino Monte Carlo Generator: Physics and User Manual}", 
      author={Costas Andreopoulos and Christopher Barry and Steve Dytman and Hugh Gallagher and Tomasz Golan and Robert Hatcher and Gabriel Perdue and Julia Yarba},
      year={2015},
      eprint={1510.05494},
      archivePrefix={arXiv},
      primaryClass={hep-ph}
}

@article{LArTPC_proposal,
    author = "Rubbia, C.",
    title = "{The Liquid Argon Time Projection Chamber: A New Concept for Neutrino Detectors}",
    reportNumber = "CERN-EP-INT-77-08, CERN-EP-77-08",
    month = "5",
    year = "1977"
}

@book{LArTPC_book,
    author = "Schenk, M.",
    title = "{Studies with a Liquid Argon Time Projection Chamber: Addressing Technological Challenges of Large-Scale Detectors}",
    Publisher = "Springer Specktrum",
    Year = "2015",
    Edition = "1",
    Series = "BestMaster"
}

@article{Jaffe_model,
author = {Jaffé, George},
title = "{Zur Theorie der Ionisation in Kolonnen}",
journal = {Annalen der Physik},
volume = {347},
number = {12},
pages = {303-344},
doi = {https://doi.org/10.1002/andp.19133471205},
url = {https://onlinelibrary.wiley.com/doi/abs/10.1002/andp.19133471205},
eprint = {https://onlinelibrary.wiley.com/doi/pdf/10.1002/andp.19133471205},
year = {1913}
}

@article{Recombination_box_model,
  title = "{Recombination of electron-ion pairs in liquid argon and liquid xenon}",
  author = {Thomas, J. and Imel, D. A.},
  journal = {Phys. Rev. A},
  volume = {36},
  issue = {2},
  pages = {614--616},
  numpages = {0},
  year = {1987},
  month = {Jul},
  publisher = {American Physical Society},
  doi = {10.1103/PhysRevA.36.614},
  url = {https://link.aps.org/doi/10.1103/PhysRevA.36.614}
}

@article{diffusion,
   title="{Measurement of longitudinal electron diffusion in liquid argon}",
   volume={816},
   ISSN={0168-9002},
   url={http://dx.doi.org/10.1016/j.nima.2016.01.094},
   DOI={10.1016/j.nima.2016.01.094},
   journal={Nuclear Instruments and Methods in Physics Research Section A: Accelerators, Spectrometers, Detectors and Associated Equipment},
   publisher={Elsevier BV},
   author={Li, Yichen and Tsang, Thomas and Thorn, Craig and Qian, Xin and Diwan, Milind and Joshi, Jyoti and Kettell, Steve and Morse, William and Rao, Triveni and Stewart, James and et al.},
   year={2016},
   month={Apr},
   pages={160–170}
}

@article{LArTPC_review,
author = {Majumdar, Krishanu and Mavrokoridis, Konstantinos},
year = {2021},
month = {03},
pages = {2455},
title = "{Review of Liquid Argon Detector Technologies in the Neutrino Sector}",
volume = {11},
journal = {Applied Sciences},
doi = {10.3390/app11062455}
}

@misc{sbnd_crt,
      title="{A Novel Cosmic Ray Tagger System for Liquid Argon TPC Neutrino Detectors}", 
      author={M. Auger and M. Del Tutto and A. Ereditato and B. Fleming and D. Goeldi and E. Gramellini and R. Guenette and W. Ketchum and I. Kreslo and A. Laube and D. Lorca and M. Luethi and C. Rudolf von Rohr and J. R. Sinclair and S. R. Soleti and M. Weber},
      year={2016},
      eprint={1612.04614},
      archivePrefix={arXiv},
      primaryClass={physics.ins-det}
}

@article{ARAPUCA,
	doi = {10.1088/1748-0221/11/02/c02004},
	url = {https://doi.org/10.1088/1748-0221/11/02/c02004},
	year = 2016,
	month = {feb},
	publisher = {{IOP} Publishing},
	volume = {11},
	number = {02},
	pages = {C02004--C02004},
	author = {A.A. Machado and E. Segreto},
	title = "{{ARAPUCA} a new device for liquid argon scintillation light detection}",
	journal = {Journal of Instrumentation},
	abstract = {We present a totally innovative device for the detection of liquid argon scintillation light, that has been named ARAPUCA (Argon R&D Advanced Program at UniCAmp). It is composed of a passive light collector and of active devices. The latters are standard SiPMs that operate at liquid argon temperature, while the passive collector is based on a new technology, never explored in this field before. It is a photon trap, that allows to collect light with extremely high efficiency. The total detection efficiency of the device can be tuned by modifying the ratio between the area of the active devices (SiPM) and the area of the optical window. For example, it will allow to reach a detection efficiency at the level of 1\% on a surface of 50 × 50 cm2 with an active coverage of 2 × 2 cm2 (two/three large area SiPM). It is also a cheap device, since the major part of its cost is represented by the active devices. For these reason this appears to be the ideal device for scintillation light detection in large Time Projection Chambers. With appropriate modifications it can be used also in next generation Dark Matter detectors.}
}

@article{X-ARAPUCA,
   title="{The X-ARAPUCA: an improvement of the ARAPUCA device}",
   volume={13},
   ISSN={1748-0221},
   url={http://dx.doi.org/10.1088/1748-0221/13/04/C04026},
   DOI={10.1088/1748-0221/13/04/c04026},
   number={04},
   journal={Journal of Instrumentation},
   publisher={IOP Publishing},
   author={Machado, A.A. and Segreto, E. and Warner, D. and Fauth, A. and Gelli, B. and Máximo, R. and Pissolatti, A. and Paulucci, L. and Marinho, F.},
   year={2018},
   month={Apr},
   pages={C04026–C04026} }


@article{microboone_detector,
   title="{Design and construction of the MicroBooNE detector}",
   volume={12},
   ISSN={1748-0221},
   url={http://dx.doi.org/10.1088/1748-0221/12/02/P02017},
   DOI={10.1088/1748-0221/12/02/p02017},
   number={02},
   journal={Journal of Instrumentation},
   publisher={IOP Publishing},
   author={Acciarri, R. and Adams, C. and An, R. and Aparicio, A. and Aponte, S. and Asaadi, J. and Auger, M. and Ayoub, N. and Bagby, L. and Baller, B. and et al.},
   year={2017},
   month={Feb},
   pages={P02017–P02017}
}

@article{microboone_crt,
   title="{Design and construction of the MicroBooNE Cosmic Ray Tagger system}",
   volume={14},
   ISSN={1748-0221},
   url={http://dx.doi.org/10.1088/1748-0221/14/04/P04004},
   DOI={10.1088/1748-0221/14/04/p04004},
   number={04},
   journal={Journal of Instrumentation},
   publisher={IOP Publishing},
   author={Adams, C. and Alrashed, M. and An, R. and Anthony, J. and Asaadi, J. and Ashkenazi, A. and Auger, M. and Balasubramanian, S. and Baller, B. and Barnes, C. and et al.},
   year={2019},
   month={Apr},
   pages={P04004–P04004}
}

@misc{ICARUS_image,
  title = "{Schematic of the ICARUS detector. [Online] Available: https://www.symmetrymagazine.org/article/sterile-neutrino-sleuths [2022, January].}",
  author = {{Sandbox Studio, Chicago}}
}

@misc{ICARUS_CRT,
      author        = "Rubbia, C and Montanari, C S",
      title         = "{Status and plans of WA104/ICARUS}",
      institution   = "CERN",
      collaboration = "ICARUS Collaboration",
      address       = "Geneva",
      reportNumber  = "CERN-SPSC-2017-012, SPSC-SR-207",
      month         = "Mar",
      year          = "2017",
      url           = "https://cds.cern.ch/record/2256748",
}

@article{light_dark_matter,
  title = "{Probing sub-GeV dark sectors via high energy proton beams at LBNF/DUNE and MiniBooNE}",
  author = {Frugiuele, Claudia},
  journal = {Phys. Rev. D},
  volume = {96},
  issue = {1},
  pages = {015029},
  numpages = {5},
  year = {2017},
  month = {Jul},
  publisher = {American Physical Society},
  doi = {10.1103/PhysRevD.96.015029},
  url = {https://link.aps.org/doi/10.1103/PhysRevD.96.015029}
}

@article{dark_neutrino,
  title = "{Dark Neutrino Portal to Explain MiniBooNE Excess}",
  author = {Bertuzzo, Enrico and Jana, Sudip and Machado, Pedro A. N. and Zukanovich Funchal, Renata},
  journal = {Phys. Rev. Lett.},
  volume = {121},
  issue = {24},
  pages = {241801},
  numpages = {5},
  year = {2018},
  month = {Dec},
  publisher = {American Physical Society},
  doi = {10.1103/PhysRevLett.121.241801},
  url = {https://link.aps.org/doi/10.1103/PhysRevLett.121.241801}
}

@article{MeV_scale_sterile_neutrino,
   title="{MeV-scale sterile neutrino decays at the Fermilab Short-Baseline Neutrino program}",
   volume={2017},
   ISSN={1029-8479},
   url={http://dx.doi.org/10.1007/JHEP04(2017)102},
   DOI={10.1007/jhep04(2017)102},
   number={4},
   journal={Journal of High Energy Physics},
   publisher={Springer Science and Business Media LLC},
   author={Ballett, Peter and Pascoli, Silvia and Ross-Lonergan, Mark},
   year={2017},
   month={Apr} }


% Shower reco stuff
@article{ArgoNeuT_ESTAR_paper,
  title = "{Demonstration of MeV-scale physics in liquid argon time projection chambers using ArgoNeuT}",
  author = {Acciarri, R. and others},
  journal = {Phys. Rev. D},
  volume = {99},
  issue = {1},
  pages = {012002},
  numpages = {10},
  year = {2019},
  month = {Jan},
  publisher = {American Physical Society},
  doi = {10.1103/PhysRevD.99.012002},
  url = {https://link.aps.org/doi/10.1103/PhysRevD.99.012002}
}

@misc{ESTAR_Database,
  title = "{ESTAR, PSTAR, and ASTAR: Computer Programs for Calculating Stopping-Power and Range Tables for Electrons, Protons, and Helium Ions (version 1.2.3). [Online] Available: http://physics.nist.gov/Star [2021, September]. National Institute of Standards and Technology, Gaithersburg, MD.}",
  author = {Berger, M.J. and Coursey, J.S. and Zucker, M.A. and Chang, J.}
}

@article{ArgoNeuT_recombination_paper,
   title="{A study of electron recombination using highly ionizing particles in the ArgoNeuT Liquid Argon TPC}",
   volume={8},
   ISSN={1748-0221},
   url={http://dx.doi.org/10.1088/1748-0221/8/08/P08005},
   DOI={10.1088/1748-0221/8/08/p08005},
   number={08},
   journal={Journal of Instrumentation},
   publisher={IOP Publishing},
   author={Acciarri, R and others},
   year={2013},
   month={Aug},
   pages={P08005–P08005}
}

@article{ArgoNeuT_electron_lifetime_paper,
   title="{The ArgoNeuT detector in the NuMI low-energy beam line at Fermilab}",
   volume={7},
   ISSN={1748-0221},
   url={http://dx.doi.org/10.1088/1748-0221/7/10/P10019},
   DOI={10.1088/1748-0221/7/10/p10019},
   number={10},
   journal={Journal of Instrumentation},
   publisher={IOP Publishing},
   author={Anderson, C and Antonello, M and Baller, B and Bolton, T and Bromberg, C and Cavanna, F and Church, E and Edmunds, D and Ereditato, A and Farooq, S and et al.},
   year={2012},
   month={Oct},
   pages={P10019–P10019}
}

@article{MicroBooNE_photon_Ereco_paper,
   title="{Reconstruction and measurement of $\mathcal{O}$(100) MeV energy electromagnetic activity from $\pi^0 \rightarrow \gamma \gamma $ decays in the MicroBooNE LArTPC}",
   volume={15},
   ISSN={1748-0221},
   url={http://dx.doi.org/10.1088/1748-0221/15/02/P02007},
   DOI={10.1088/1748-0221/15/02/p02007},
   number={02},
   journal={Journal of Instrumentation},
   publisher={IOP Publishing},
   author={Adams, C. and Alrashed, M. and An, R. and Anthony, J. and Asaadi, J. and Ashkenazi, A. and Balasubramanian, S. and Baller, B. and Barnes, C. and Barr, G. and et al.},
   year={2020},
   month={Feb},
   pages={P02007–P02007}
}

@article{LSND_KARMEN_nue_app_contour,
	doi = {10.1007/jhep08(2018)010},
  
	url = {https://doi.org/10.1007%2Fjhep08%282018%29010},
  
	year = 2018,
	month = {aug},
  
	publisher = {Springer Science and Business Media {LLC}
},
  
	volume = {2018},
  
	number = {8},
  
	author = {Mona Dentler and {\'{A}}lvaro Hern{\'{a}}ndez-Cabezudo and Joachim Kopp and Pedro Machado and Michele Maltoni and Ivan Martinez-Soler and Thomas Schwetz},
  
	title = "{Updated global analysis of neutrino oscillations in the presence of {eV}-scale sterile neutrinos}",
  
	journal = {Journal of High Energy Physics}
}

@article{T2K_nue_disapp_contour,
	doi = {10.1103/physrevd.91.051102},
  
	url = {https://doi.org/10.1103%2Fphysrevd.91.051102},
  
	year = 2015,
	month = {mar},
  
	publisher = {American Physical Society ({APS})},
  
	volume = {91},
  
	number = {5},
  
	author = {K. Abe and J. Adam and H. Aihara and T. Akiri and C. Andreopoulos and S. Aoki and A. Ariga and S. Assylbekov and D. Autiero and M. Barbi and G.{\hspace{0.167em}}J. Barker and G. Barr and P. Bartet-Friburg and M. Bass and M. Batkiewicz and F. Bay and V. Berardi and B.{\hspace{0.167em}}E. Berger and S. Berkman and S. Bhadra and F.{\hspace{0.167em}}d.{\hspace{0.167em}}M. Blaszczyk and A. Blondel and C. Bojechko and S. Bolognesi and S. Bordoni and S.{\hspace{0.167em}}B. Boyd and D. Brailsford and A. Bravar and C. Bronner and N. Buchanan and R.{\hspace{0.167em}}G. Calland and J. Caravaca Rodr{\'{\i}}guez and S.{\hspace{0.167em}}L. Cartwright and R. Castillo and M.{\hspace{0.167em}}G. Catanesi and A. Cervera and D. Cherdack and G. Christodoulou and A. Clifton and J. Coleman and S.{\hspace{0.167em}}J. Coleman and G. Collazuol and K. Connolly and L. Cremonesi and A. Dabrowska and R. Das and S. Davis and P. de Perio and G. De Rosa and T. Dealtry and S.{\hspace{0.167em}}R. Dennis and C. Densham and D. Dewhurst and F. Di Lodovico and S. Di Luise and S. Dolan and O. Drapier and T. Duboyski and K. Duffy and J. Dumarchez and S. Dytman and M. Dziewiecki and S. Emery-Schrenk and A. Ereditato and L. Escudero and T. Feusels and A.{\hspace{0.167em}}J. Finch and G.{\hspace{0.167em}}A. Fiorentini and M. Friend and Y. Fujii and Y. Fukuda and A.{\hspace{0.167em}}P. Furmanski and V. Galymov and A. Garcia and S. Giffin and C. Giganti and K. Gilje and D. Goeldi and T. Golan and M. Gonin and N. Grant and D. Gudin and D.{\hspace{0.167em}}R. Hadley and L. Haegel and A. Haesler and M.{\hspace{0.167em}}D. Haigh and P. Hamilton and D. Hansen and T. Hara and M. Hartz and T. Hasegawa and N.{\hspace{0.167em}}C. Hastings and T. Hayashino and Y. Hayato and C. Hearty and R.{\hspace{0.167em}}L. Helmer and M. Hierholzer and J. Hignight and A. Hillairet and A. Himmel and T. Hiraki and S. Hirota and J. Holeczek and S. Horikawa and K. Huang and A.{\hspace{0.167em}}K. Ichikawa and K. Ieki and M. Ieva and M. Ikeda and J. Imber and J. Insler and T.{\hspace{0.167em}}J. Irvine and T. Ishida and T. Ishii and E. Iwai and K. Iwamoto and K. Iyogi and A. Izmaylov and A. Jacob and B. Jamieson and M. Jiang and S. Johnson and J.{\hspace{0.167em}}H. Jo and P. Jonsson and C.{\hspace{0.167em}}K. Jung and M. Kabirnezhad and A.{\hspace{0.167em}}C. Kaboth and T. Kajita and H. Kakuno and J. Kameda and Y. Kanazawa and D. Karlen and I. Karpikov and T. Katori and E. Kearns and M. Khabibullin and A. Khotjantsev and D. Kielczewska and T. Kikawa and A. Kilinski and J. Kim and S. King and J. Kisiel and P. Kitching and T. Kobayashi and L. Koch and T. Koga and A. Kolaceke and A. Konaka and L.{\hspace{0.167em}}L. Kormos and A. Korzenev and Y. Koshio and W. Kropp and H. Kubo and Y. Kudenko and R. Kurjata and T. Kutter and J. Lagoda and I. Lamont and E. Larkin and M. Laveder and M. Lawe and M. Lazos and T. Lindner and C. Lister and R.{\hspace{0.167em}}P. Litchfield and A. Longhin and J.{\hspace{0.167em}}P. Lopez and L. Ludovici and L. Magaletti and K. Mahn and M. Malek and S. Manly and A.{\hspace{0.167em}}D. Marino and J. Marteau and J.{\hspace{0.167em}}F. Martin and P. Martins and S. Martynenko and T. Maruyama and V. Matveev and K. Mavrokoridis and E. Mazzucato and M. McCarthy and N. McCauley and K.{\hspace{0.167em}}S. McFarland and C. McGrew and A. Mefodiev and C. Metelko and M. Mezzetto and P. Mijakowski and C.{\hspace{0.167em}}A. Miller and A. Minamino and O. Mineev and A. Missert and M. Miura and S. Moriyama and Th.{\hspace{0.167em}}A. Mueller and A. Murakami and M. Murdoch and S. Murphy and J. Myslik and T. Nakadaira and M. Nakahata and K.{\hspace{0.167em}}G. Nakamura and K. Nakamura and S. Nakayama and T. Nakaya and K. Nakayoshi and C. Nantais and C. Nielsen and M. Nirkko and K. Nishikawa and Y. Nishimura and J. Nowak and H.{\hspace{0.167em}}M. O'Keeffe and R. Ohta and K. Okumura and T. Okusawa and W. Oryszczak and S.{\hspace{0.167em}}M. Oser and T. Ovsyannikova and R.{\hspace{0.167em}}A. Owen and Y. Oyama and V. Palladino and J.{\hspace{0.167em}}L. Palomino and V. Paolone and D. Payne and O. Perevozchikov and J.{\hspace{0.167em}}D. Perkin and Y. Petrov and L. Pickard and E.{\hspace{0.167em}}S. Pinzon Guerra and C. Pistillo and P. Plonski and E. Poplawska and B. Popov and M. Posiadala-Zezula and J.-M. Poutissou and R. Poutissou and P. Przewlocki and B. Quilain and E. Radicioni and P.{\hspace{0.167em}}N. Ratoff and M. Ravonel and M.{\hspace{0.167em}}A.{\hspace{0.167em}}M. Rayner and A. Redij and M. Reeves and E. Reinherz-Aronis and C. Riccio and P.{\hspace{0.167em}}A. Rodrigues and P. Rojas and E. Rondio and S. Roth and A. Rubbia and D. Ruterbories and A. Rychter and R. Sacco and K. Sakashita and F. S{\'{a}}nchez and F. Sato and E. Scantamburlo and K. Scholberg and S. Schoppmann and J. Schwehr and M. Scott and Y. Seiya and T. Sekiguchi and H. Sekiya and D. Sgalaberna and R. Shah and F. Shaker and D. Shaw and M. Shiozawa and S. Short and Y. Shustrov and P. Sinclair and B. Smith and M. Smy and J.{\hspace{0.167em}}T. Sobczyk and H. Sobel and M. Sorel and L. Southwell and P. Stamoulis and J. Steinmann and B. Still and Y. Suda and A. Suzuki and K. Suzuki and S.{\hspace{0.167em}}Y. Suzuki and Y. Suzuki and R. Tacik and M. Tada and S. Takahashi and A. Takeda and Y. Takeuchi and H.{\hspace{0.167em}}K. Tanaka and H.{\hspace{0.167em}}A. Tanaka and M.{\hspace{0.167em}}M. Tanaka and D. Terhorst and R. Terri and L.{\hspace{0.167em}}F. Thompson and A. Thorley and S. Tobayama and W. Toki and T. Tomura and C. Touramanis and T. Tsukamoto and M. Tzanov and Y. Uchida and A. Vacheret and M. Vagins and G. Vasseur and T. Wachala and K. Wakamatsu and M. Wallbank and C.{\hspace{0.167em}}W. Walter and D. Wark and W. Warzycha and M.{\hspace{0.167em}}O. Wascko and A. Weber and R. Wendell and R.{\hspace{0.167em}}J. Wilkes and M.{\hspace{0.167em}}J. Wilking and C. Wilkinson and Z. Williamson and J.{\hspace{0.167em}}R. Wilson and R.{\hspace{0.167em}}J. Wilson and T. Wongjirad and Y. Yamada and K. Yamamoto and C. Yanagisawa and T. Yano and S. Yen and N. Yershov and M. Yokoyama and K. Yoshida and T. Yuan and M. Yu and A. Zalewska and J. Zalipska and L. Zambelli and K. Zaremba and M. Ziembicki and E.{\hspace{0.167em}}D. Zimmerman and M. Zito and J. {\.{Z}}muda and},
  
	title = "{Search for short baseline \nue disappearance with the T2K near detector}",
  
	journal = {Physical Review D}
}

@misc{VALOR,
   title="{The VALOR Group}",
   howpublished = "{\href{https://valor.pp.rl.ac.uk}{https://valor.pp.rl.ac.uk}}",
   author={Andreopoulos, C and others}
}

@misc{VALOR_dune,
title = "{VALOR DUNE Joint Oscillation and Systematics Constraint Fit
(Version 2016a v2)}",
author = {C. Andreopoulos and others},
year = "2016",
howpublished = {\href{https://docs.dunescience.org/cgi-bin/private/ShowDocument?docid=1291}{DUNE DocID 1291}}
}

@article{GENIE,
          author = "Andreopoulos, C. and others",
          title = "{The GENIE Neutrino Monte Carlo Generator}",
          eprint = "0905.2517",
          archivePrefix = "arXiv",
          primaryClass = "hep-ph",
          reportNumber = "FERMILAB-PUB-09-418-CD",
          doi = "10.1016/j.nima.2009.12.009",
          journal = "Nucl. Instrum. Meth. A",
          volume = "614",
          pages = "87--104",
          year = "2010"
}
        
@phdthesis{Dom's_thesis,
    month = {July},
    title = "{Developments Towards a {\ensuremath{\nu}}e CC Sterile Appearance Sensitivity in the Short-Baseline Neutrino Programme}",
    school = {University of Sheffield},
    author = {Dominic Barker},
    year = {2020},
    keywords = {Liquid Argon, Neutrino, Sterile Neutrino, SBN, SBND, Oscillation},
    url = {https://etheses.whiterose.ac.uk/29009/},
    howpublished = {\href{https://etheses.whiterose.ac.uk/29009/}{uk.bl.ethos.832514}},
    abstract = {The Short Baseline Neutrino (SBN) programme is an upcoming neutrino experiment situated on the Booster Neutrino Beam (BNB) at the Fermilab National Laboratory. One of the primary objectives of the SBN programme is to confirm or refute the low energy electron neutrino excess observed in previous neutrino experiments: LSND and MiniBooNE. It was postulated that this observed low energy electron neutrino excess was caused by the existence of one or more sterile neutrinos. If this is confirmed, it will alter our current understanding of physics as well as the standard model and the prescription of neutrino oscillations.
    
    To achieve this primary objective, the SBN programme will perform studies which are sensitive to electron neutrino appearances. These are carried out assuming several sterile models, in particular the 3+1 model. To undertake the physics goals of the SBN programme, three Liquid Argon Time Projection Chambers (LArTPCs) are positioned at various points along the BNB beamline. These LArTPCs are known as The Short Baseline Near Detector (SBND) (110 m), Micro Booster Neutrino Experiment (MicroBooNE) (470 m), and the Imaging Cosmic And Rare Underground Signals (ICARUS) (600 m) detector. LArTPCs provide sophisticated calorimetric and topological information to identify the energy and flavour of charged particles in neutrino interactions. For an electron neutrino excess search, it is important to reconstruct and identify the resultant electron from neutrino Charge Current (CC) events. A new framework with new methods was developed to characterise electromagnetic showers to help identify electrons from background photon showers. The new methods were then employed in an oscillated electron neutrino selection upon simulated events in the SBN detectors. The resultant event distributions were then used to perform an electron neutrino appearance sensitivity analysis using the 3 + 1 sterile model in the VALencia-Oxford-Rutherford (VALOR) neutrino oscillation fitting framework. 
    
    The single-phase wire near detector of the SBN programme, SBND, is also viewed as a prototype for the upcoming Deep Underground Neutrino Experiment (DUNE) far detector. Due to the high rate of events at the location of the DUNE near detector, single-phase wire LArTPCs are not feasible. Therefore, alternative readout methods are being considered, such as a pixelated readout. To test these alternative readout methods, a research rig at the University of Sheffield has been developed.}
}

@phdthesis{Rhiannon's_thesis,
    title = "{Muon-neutrino disappearance with multiple liquid argon time projection chambers in the Fermilab Booster neutrino beam}",
    school = {University of Liverpool},
    author = {Rhiannon Jones},
    year = {2021},
    keywords = {Liquid Argon, Neutrino, Sterile Neutrino, SBN, SBND, Oscillation},
    url = {https://livrepository.liverpool.ac.uk/id/eprint/3143192},
    doi = {10.17638/03143192}
}